@inproceedings{hati_text-driven_2019,
	title = {Text-driven mouth animation for human computer interaction with personal assistant},
	copyright = {All rights reserved},
	booktitle = {International {Conference} on {Auditory} {Display} ({ICAD})},
	publisher = {Department of Computer and Information Sciences, Northumbria University},
	author = {Hati, Yliess and Rousseaux, Francis and Duhart, Cl√©ment},
	year = {2019},
	pages = {75--82},
	file = {Full Text:/home/yliess/Zotero/storage/TUGY8S33/Hati et al. - 2019 - Text-driven mouth animation for human computer int.pdf:application/pdf},
}

@article{author2020example,
  title={An Example Article},
  author={Author, A.},
  journal={Journal of Examples},
  volume={1},
  number={1},
  pages={1-10},
  year={2020},
  publisher={Example Publisher}
}

@article{geyer2017production,
  title={Production, use, and fate of all plastics ever made},
  author={Geyer, Roland and Jambeck, Jenna R and Law, Kara Lavender},
  journal={Science advances},
  volume={3},
  number={7},
  pages={e1700782},
  year={2017},
  publisher={American Association for the Advancement of Science}
}

@article{natureeditorial,
  author = "nature",
  journal = "nature",
  year = 2022,
  title = "Landmark treaty on plastic pollution must put scientific evidence front and centre",
  doi = {10.1038/d41586-022-00648-9},
  url = {https://www.nature.com/articles/d41586-022-00648-9}
  }