@inproceedings{hati_text-driven_2019,
	title = {Text-driven mouth animation for human computer interaction with personal assistant},
	copyright = {All rights reserved},
	booktitle = {International {Conference} on {Auditory} {Display} ({ICAD})},
	publisher = {Department of Computer and Information Sciences, Northumbria University},
	author = {Hati, Yliess and Rousseaux, Francis and Duhart, Clément},
	year = {2019},
	pages = {75--82},
	file = {Full Text:/home/yliess/Zotero/storage/TUGY8S33/Hati et al. - 2019 - Text-driven mouth animation for human computer int.pdf:application/pdf},
}

@inproceedings{hati_paintstorch_2019,
	title = {{PaintsTorch}: a {User}-{Guided} {Anime} {Line} {Art} {Colorization} {Tool} with {Double} {Generator} {Conditional} {Adversarial} {Network}},
	copyright = {All rights reserved},
	shorttitle = {{PaintsTorch}},
	booktitle = {European {Conference} on {Visual} {Media} {Production}},
	author = {Hati, Yliess and Jouet, Gregor and Rousseaux, Francis and Duhart, Clément},
	year = {2019},
	pages = {1--10},
	file = {Full Text:/home/yliess/Zotero/storage/VDQGJQRW/Hati et al. - 2019 - PaintsTorch a User-Guided Anime Line Art Coloriza.pdf:application/pdf;Snapshot:/home/yliess/Zotero/storage/33KGPCMT/3359998.html:text/html},
}

@inproceedings{hati_text-driven_2019,
	title = {Text-driven mouth animation for human computer interaction with personal assistant},
	copyright = {All rights reserved},
	booktitle = {International {Conference} on {Auditory} {Display} ({ICAD})},
	publisher = {Department of Computer and Information Sciences, Northumbria University},
	author = {Hati, Yliess and Rousseaux, Francis and Duhart, Clément},
	year = {2019},
	pages = {75--82},
	file = {Full Text:/home/yliess/Zotero/storage/TUGY8S33/Hati et al. - 2019 - Text-driven mouth animation for human computer int.pdf:application/pdf},
}

@unpublished{hati_wass_2020,
	title = {{WASS}: {Wetland} {Avian} {Source} {Separation}},
	copyright = {All rights reserved},
	shorttitle = {{WASS}},
	booktitle = {{International} {Joint} {Conference} on {Neural} {Networks}, {IJCNN}, Glasgow, United Kingdom},
	author = {Hati, Yliess and Michaud, Felix and Rousseaux, Francis and Nolot, Florent and A. Paradiso, Joseph and Duhart, Clément},
	year = {2020},
	note = {rejected}
}

@unpublished{hati_paintstorch2_2021,
	title = {PaintsTorch2: {Self}-{Supervised} {User}-{Guided} {Anime} {Lineart} {Colorization}},
	copyright = {All rights reserved},
	shorttitle = {{PaintsTorch2}},
	booktitle = {{IEEE/CVF} {International} {Conference} on {Computer} {Vision}, {ICCV}, Montreal, Canada},
	author = {Hati, Yliess and Thevenin, Vincent and Rousseaux, Francis and Nolot, Florent and Duhart, Clément},
	year = {2021},
	note = {submitted}
}

@unpublished{hati_face2mesh_2020,
	title = {{Face2Mesh}: {Facial} {3D} {Mesh} {Reconstruction} from {Monocular} {Portrait}},
	copyright = {All rights reserved},
	shorttitle = {{Face2Mesh}},
	author = {Hati, Yliess and Rousseaux, Francis and Nolot, Florent and Duhart, Clément},
	year = {2020},
	note = {work in progress}
}

@unpublished{hati_snook_2021,
	title = {{Snook}: {Tangible} {Augmented} {Pool} {Interactions} for {Playful} {Learning}},
	copyright = {All rights reserved},
	shorttitle = {{Snook}},
	author = {Hati, Yliess and Thevenin, Vincent and Rousseaux, Francis and Nolot, Florent and Duhart, Clément},
	year = {2021},
	note = {work in progress}
}

@unpublished{jouet_bayeformers_2021,
	title = {{BayeFormers}: {On} the {Measure} of {Uncertainty} with {Bayesian} by {Backprop} with {Transformers}},
	copyright = {All rights reserved},
	shorttitle = {{BayeFormers}},
	author = {Jouet, Gregor and Hati, Yliess and Rousseaux, Francis and Nolot, Florent and de Runz, Cyril and Duhart, Clément},
	year = {2021},
	note = {work in progress}
}

@unpublished{liu_wandering_mind_2021,
	title = {{The} {Wandering} {Mind}},
	copyright = {All rights reserved},
	shorttitle = {{Wandering} {Mind}},
	author = {Liu, Xin and Dublon, Gershon and Juldo, Thomas and Thevenin, Vincent and Hati, Yliess and Duhart, Clément},
	year = {2021},
	note = {work in progress}
}